@inproceedings{ An82,
  Author = "R.R. Anderson and J.A. Parrish",
  Year = 1982,
  Title = "Optical Properties of Human Skin",
  Booktitle = "The Science of Photomedicine",
  Editor = "J.D. Regan and J.A. Parrish",
  publisher = "Plenun Press",
 address = "N.Y.,  USA",
  Pages = "147-194"
}


@article{An09,
	Author = {Antoniou, C. and Lademann, J. and Schanzer, S. and Richter, H. and Sterry, W. and Zastrow, L. and Koch, S.},
	Journal = {Skin Res. Technol.},
	Number = {3},
	Pages = {323-9},
	Title = {Do different ethnic groups need different sun protection?},
	Volume = {15},
	Year = {2009}}


@book{Go89,
 author = "G. Golub and C. Van Loan",
 title = "Matrix Computations",
 edition = "2nd",
 publisher = "John Hopkins University Press",
 year = "1989",
 address = "Baltimore, MD, USA"}


@phdthesis{Ra10,
	Author = {M. H. Ravnbak},
	School = {University of Copenhagen},
	Title = {Objective determination of {F}itzpatrick skin type},
	Year = {2010}}




	
